<?xml version="1.0" encoding="UTF-8"?><record xmlns="http://www.loc.gov/MARC21/slim" xmlns:cinclude="http://apache.org/cocoon/include/1.0" xmlns:zs="http://www.loc.gov/zing/srw/">
  <leader>00484nz  a2200133n  4500</leader>
  <controlfield tag="001">no2010124626</controlfield>
  <controlfield tag="003">DLC</controlfield>
  <controlfield tag="005">20100804075341.0</controlfield>
  <controlfield tag="008">100802n| acannaabn          |n aaa     c</controlfield>
  <datafield tag="010" ind1=" " ind2=" ">
    <subfield code="a">no2010124626</subfield>
  </datafield>
  <datafield tag="035" ind1=" " ind2=" ">
    <subfield code="a">(OCoLC)oca08578636</subfield>
  </datafield>
  <datafield tag="040" ind1=" " ind2=" ">
    <subfield code="a">NmU</subfield>
    <subfield code="b">eng</subfield>
    <subfield code="c">NmU</subfield>
  </datafield>
  <datafield tag="100" ind1="1" ind2=" ">
    <subfield code="a">Berlingieri, Nicolás,</subfield>
    <subfield code="d">1947-</subfield>
  </datafield>
  <datafield tag="670" ind1=" " ind2=" ">
    <subfield code="a">Surrealismo digital, 2007:</subfield>
    <subfield code="b">p. [5] (Nicolás Berlingieri) p. [6] b. 1947 in Córdoba, Argentina; PC analyst, programmer, and teacher of digital photography at UADE University)</subfield>
  </datafield>
</record>